@online{Recos,
    author = {ETSIINF},
    title = {Recomendaciones sobre el contenido de la Memoria Final},
    year = {2017},
    url = {http://www.fi.upm.es/?pagina=1475},
    urldate = {2017-01-30}
}
% Date YYYY-MM-dd
@online{test,
    author = {ee},
    title = {Recomendaciones sobre el contenido de la Memoria Final},
    year = {2020},
    url = {http://www.fi.upm.es/?pagina=1475},
    urldate = {2019-10-30}
}
